

    @article{1975,
     jstor_articletype = {research-article},
     title = {Data Analysis Using Stein's Estimator and its Generalizations},
     author = {Efron, Bradley and Morris, Carl},
     journal = {Journal of the American Statistical Association},
     jstor_issuetitle = {},
     volume = {70},
     number = {350},
     jstor_formatteddate = {Jun., 1975},
     pages = {pp. 311-319},
     url = {http://www.jstor.org/stable/2285814},
     ISSN = {01621459},
     language = {English},
     year = {1975},
     publisher = {American Statistical Association},
     copyright = {Copyright © 1975 American Statistical Association},
    }
    
    
    @article{1981,
     jstor_articletype = {research-article},
     title = {Estimation in Parallel Randomized Experiments},
     author = {Rubin, Donald B.},
     journal = {Journal of Educational Statistics},
     jstor_issuetitle = {},
     volume = {6},
     number = {4},
     jstor_formatteddate = {Winter, 1981},
     pages = {pp. 377-401},
     url = {http://www.jstor.org/stable/1164617},
     ISSN = {03629791},
     language = {English},
     year = {1981},
     publisher = {American Educational Research Association and American Statistical Association},
     copyright = {Copyright © 1981 American Educational Research Association},
    }

    @article{1983,
     jstor_articletype = {research-article},
     title = {Parametric Empirical Bayes Inference: Theory and Applications},
     author = {Morris, Carl},
     journal = {Journal of the American Statistical Association},
     jstor_issuetitle = {},
     volume = {78},
     number = {381},
     jstor_formatteddate = {Mar., 1983},
     pages = {pp. 47-55},
     url = {http://www.jstor.org/stable/2287098},
     ISSN = {01621459},
     year = {1983},
     publisher = {American Statistical Association},
     copyright = {Copyright © 1983 American Statistical Association},
    }

    @article{kass1989approximate,
     jstor_articletype = {research-article},
     title = {Approximate Bayesian Inference in Conditionally Independent Hierarchical Models (Parametric Empirical Bayes Models)},
     author = {Kass, Robert E. and Steffey, Duane},
     journal = {Journal of the American Statistical Association},
     jstor_issuetitle = {},
     volume = {84},
     number = {407},
     jstor_formatteddate = {Sep., 1989},
     pages = {pp. 717-726},
     url = {http://www.jstor.org/stable/2289653},
     ISSN = {01621459},
     language = {English},
     year = {1989},
     publisher = {American Statistical Association},
     copyright = {Copyright © 1989 American Statistical Association},
    }

  @conference{morris1995,
    title={Hierarchical Models for Ranking and for Identifying Extremes, with Application},
    booktitle={Bayesian Statistics 5},
    author={Morris, Carl and Christiansen, Cindy},
    editor={Bernardo, J and Berger, J and Dawid, A and Smith, A},
    pages={227--296},
    year={1995},
    publisher={New York: Oxford University Press},
  }


    @article{morris1997,
     jstor_articletype = {research-article},
     title = {Hierarchical Poisson Regression Modeling},
     author = {Christiansen, Cindy and Morris, Carl},
     journal = {Journal of the American Statistical Association},
     jstor_issuetitle = {},
     volume = {92},
     number = {438},
     jstor_formatteddate = {Jun., 1997},
     pages = {pp. 618-632},
     url = {http://www.jstor.org/stable/2965709},
     ISSN = {01621459},
     language = {English},
     year = {1997},
     publisher = {American Statistical Association},
     copyright = {Copyright © 1997 American Statistical Association},
    }

  @article{tang2011,
     jstor_articletype = {research-article},
     title = {Estimating Random Effects via Adjustment for Density Maximization},
     author = {Morris, Carl and Tang, Ruoxi},
     journal = {Statistical Science},
     jstor_issuetitle = {Special Issue on Bayesian Methods That Frequentists Should Know},
     volume = {26},
     number = {2},
     jstor_formatteddate = {May 2011},
     pages = {pp. 271-287},
     url = {http://www.jstor.org/stable/23059992},
     ISSN = {08834237},
     language = {English},
     year = {2011},
     publisher = {Institute of Mathematical Statistics},
     copyright = {Copyright © 2011 Institute of Mathematical Statistics},
    }

  @article{morris2012,
    title={Shrinkage Estimation in Multilevel Normal Models},
    author={Morris, Carl and Lysy, Martin},
    journal={Statistical Science},
    volume={27},
    number={1},
    pages={115--134},
    year={2012},
    publisher={Institute of Mathematical Statistics},
  }
  


@incollection{carl1988,
       author={Morris, Carl},
       year={1988},
       title={Approximating Posterior Distributions and Posterior Moments},
       booktitle={Bayesian Statistics 3},
       editor={Bernardo, J.M. and DeGroot, M. H. and Lindley, D. V. and Smith, A. F. M.},
       pages={327-344},
       publisher={Oxford University Press},
       addess={Oxford}
     }

@incollection{modelchecking1996,
       author={Christiansen, Cindy and Morris, Carl},
       year={1996},
       title={Fitting and Checking a Two-Level Poisson Model: Modeling Patient Mortality Rates in Heart Transplant Patients},
       booktitle={Bayesian Biostatistics},
       editor={Berry, Donald and Stangl, Dalene},
       pages={467-501},
       publisher={CRC press},
       addess={New York}
     }

@incollection{accuracy1988,
       author={Morris, Carl},
       year={1988},
       title={Determining the Accuracy of Bayesian Empirical Bayes Estimates in the Familiar Exponential Families},
       booktitle={Statistical Decision Theory and Related Topics IV},
       editor={Gupta, S.S. and Berger, J.O.},
       pages={251-263},
       publisher={Springer-Verlag},
       addess={New York}
     }

@book{hglm2006,
       author = {Lee, Y. and Nelder, J. A. and Pawitan, Y.},
       year = {2006},
       title = {Generalized Linear Models with Random Effects: A Unified Analysis via h-Likelihood},
       publisher = {Chapman \& Hall/ CRC},
       address = {New York}
     }

 @article{hglm2010,
    title={\pkg{hglm}: A Package for Fitting Hierarchical Generalized Linear Models},
    author={R{\"o}nneg{\aa}rd, L. and Shen, X. and Alam, M.},
    journal={The R Journal},
    volume={2},
    number={2},
    pages={20--28},
    year={2010},
    publisher={The R Journal},
    ISSN = {20734859}
  }



  @Manual{sn2013,
    title = {{R} package \texttt{sn}: The skew-normal and skew-$t$
      distributions (version 0.4-18)},
    author = {A. Azzalini},
    address = {Universit\`a di Padova, Italia},
    year = {2013},
    url = {http://azzalini.stat.unipd.it/SN},
  }
  
  
  @article{patterson1971recovery,
  title={Recovery of inter-block information when block sizes are unequal},
  author={Patterson, H Desmond and Thompson, Robin},
  journal={Biometrika},
  volume={58},
  number={3},
  pages={545--554},
  year={1971},
  publisher={Biometrika Trust}
}

@article{ronnegaard2010hglm,
  title={\pkg{hglm}: A Package for Fitting Hierarchical Generalized Linear Models},
  author={R{\"o}nneg{\aa}rd, Lars and Shen, Xia and Alam, Moudud},
  journal={The R Journal},
  volume={2},
  number={2},
  pages={20--28},
  year={2010}
}

@Manual{gelman2014arm,
  title={\pkg{arm}: Data Analysis Using Regression and Multilevel/Hierarchical Models, 2010},
  author={Gelman, Andrew and Su, Yu-Sung and Yajima, Masanao and Hill, Jennifer and Pittau, Maria Grazia and Kerman, Jouni and Zheng, Tian},
  year={2014},
  note = {\proglang{R}~package version~1.8-5}
  url={http://CRAN.R-project.org/package= arm},
}

@Manual{ronnegaard2011hglm,
  title={The \pkg{hglm} Package},
  author={R{\"o}nneg{\aa}rd, Lars and Shen, Xia and Alam, Moudud},
  year={2011},
  journal={\proglang{R}~package version~2.1-0},
  url = {http://CRAN.R-project.org/package=hglm},  
}

@article{daniels1999prior,
  title={A Prior for the Variance in Hierarchical Models},
  author={Daniels, Michael J},
  journal={Canadian Journal of Statistics},
  volume={27},
  number={3},
  pages={567--578},
  year={1999},
  publisher={Wiley Online Library}
}



@phdthesis{tang2002fitting,
  title={Fitting and Evaluating Certain Two-Level Hierarchical Models},
  author={Tang, Ruoxi},
  year={2002},
  school={Harvard University}
}


@article{lee1996hierarchical,
  title={Hierarchical Generalized Linear Models},
  author={Lee, Youngjo and Nelder, John A},
  journal={Journal of the Royal Statistical Society. Series B (Methodological)},
  pages={619--678},
  year={1996},
  publisher={JSTOR}
}

@phdthesis{kelly2014advances,
    title={Advances in the Normal-Normal Hierarchical Model},
    author={Kelly, Joseph},
    school={Harvard University},
    year={2014}, 
}



@article{tak2016propriety,
  title={Posterior Propriety and Frequency Coverage Evaluation of Bayesian Beta-Binomial Logistic Regression Model},
  author={Tak, Hyungsuk and Morris, Carl},
  year={in preparation},
}


@article{skellam1948,
  title={A Probability Distribution Derived from the Binomial Distribution by Regarding the Probability of Success as Variable between the Sets of Trials},
  author={Skellam, JG},
  journal={Journal of the Royal Statistical Society. Series B (Methodological)},
  volume={10},
  number={2},
  pages={257--261},
  year={1948},
  publisher={JSTOR}
}


@article{berger1999integrated,
  title={Integrated Likelihood Methods for Eliminating Nuisance Parameters},
  author={Berger, James O and Liseo, Brunero and Wolpert, Robert L and others},
  journal={Statistical Science},
  volume={14},
  number={1},
  pages={1--28},
  year={1999},
  publisher={Institute of Mathematical Statistics}
}


@article{everson2000inference,
  title={Inference for Multivariate Normal Hierarchical Models},
  author={Everson, Philip J and Morris, Carl N},
  journal={Journal of the Royal Statistical Society: Series B (Statistical Methodology)},
  volume={62},
  number={2},
  pages={399--412},
  year={2000},
  publisher={Wiley Online Library}
}



@article{jones2003skew,
  title={A Skew Extension of the t-Distribution, with Applications},
  author={Jones, MC and Faddy, MJ},
  journal={Journal of the Royal Statistical Society: Series B (Statistical Methodology)},
  volume={65},
  number={1},
  pages={159--174},
  year={2003},
  publisher={Wiley Online Library}
}


@article{dean1992testing,
  title={Testing for Overdispersion in Poisson and Binomial Regression Models},
  author={Dean, Charmaine B},
  journal={Journal of the American Statistical Association},
  volume={87},
  number={418},
  pages={451--457},
  year={1992},
  publisher={Taylor \& Francis Group}
}



@article{blackwell1947conditional,
  title={Conditional Expectation and Unbiased Sequential Estimation},
  author={Blackwell, David},
  journal={The Annals of Mathematical Statistics},
  pages={105--110},
  year={1947},
  publisher={JSTOR}
}

@article{radhakrishna1945information,
  title={Information and Accuracy Attainable in the Estimation of Statistical Parameters},
  author={Rao, C. R.},
  journal={Bulletin of the Calcutta Mathematical Society},
  volume={37},
  number={3},
  pages={81--91},
  year={1945},
  publisher={Calcutta Mathematical Society}
}


@article{azzalini1985class,
  title={A Class of Distributions which Includes the Normal Ones},
  author={Azzalini, Adelchi},
  journal={Scandinavian journal of statistics},
  pages={171--178},
  year={1985},
  publisher={JSTOR}
}

@book{gelman2014bayesian,
  title={Bayesian data analysis},
  author={Gelman, Andrew and Carlin, John B and Stern, Hal S and Rubin, Donald B},
  volume={2},
  year={2014},
  publisher={Taylor \& Francis}
}

@book{robert2013monte,
  title={Monte Carlo statistical methods},
  author={Robert, Christian and Casella, George},
  year={2013},
  publisher={Springer Science \& Business Media}
}

@article{tamura1987stabilized,
  title={A stabilized moment estimator for the beta-binomial distribution},
  author={Tamura, Roy N and Young, S Stanley},
  journal={Biometrics},
  pages={813--824},
  year={1987},
  publisher={JSTOR}
}

@book{rao2003small,
  title={Small area estimation},
  author={Rao, John NK},
  year={2003},
  publisher={Wiley Online Library}
}

@article{albert1988computational,
  title={Computational methods using a Bayesian hierarchical generalized linear model},
  author={Albert, James H},
  journal={Journal of the American Statistical Association},
  volume={83},
  number={404},
  pages={1037--1044},
  year={1988},
  publisher={Taylor \& Francis Group}
}


@article{ghosh1994small,
  title={Small area estimation: an appraisal},
  author={Ghosh, Malay and Rao, JNK},
  journal={Statistical science},
  pages={55--76},
  year={1994},
  publisher={JSTOR}
}